<?xml version="1.0" encoding="UTF-8"?><record xmlns="http://www.loc.gov/MARC21/slim" xmlns:cinclude="http://apache.org/cocoon/include/1.0" xmlns:zs="http://www.loc.gov/zing/srw/">
  <leader>00422nz  a2200133n  4500</leader>
  <controlfield tag="001">n 2008063580</controlfield>
  <controlfield tag="003">DLC</controlfield>
  <controlfield tag="005">20080918102503.0</controlfield>
  <controlfield tag="008">080917n| acannaabn          |a aaa      </controlfield>
  <datafield tag="010" ind1=" " ind2=" ">
    <subfield code="a">n 2008063580</subfield>
  </datafield>
  <datafield tag="040" ind1=" " ind2=" ">
    <subfield code="a">DLC</subfield>
    <subfield code="b">eng</subfield>
    <subfield code="c">DLC</subfield>
  </datafield>
  <datafield tag="100" ind1="1" ind2=" ">
    <subfield code="a">Urueta Rojas, Juan Manuel</subfield>
  </datafield>
  <datafield tag="400" ind1="1" ind2=" ">
    <subfield code="a">Rojas, Juan Manuel Urueta</subfield>
  </datafield>
  <datafield tag="670" ind1=" " ind2=" ">
    <subfield code="a">Urueta Rojas, Juan Manuel. El contrato de concesio휍혖n de obras pu휍혖blicas, 2006:</subfield>
    <subfield code="b">t.p. (Juan Manuel Urueta Rojas)</subfield>
  </datafield>
</record>